@Manual{,
 title = {rmarkdown: Dynamic Documents for R},
 author = {JJ Allaire and Yihui Xie and Jonathan McPherson and Javier Luraschi and Kevin Ushey and Aron Atkins and Hadley Wickham and Joe Cheng and Winston Chang and Richard Iannone},
 year = {2021},
 note = {R package version 2.7},
 url = {https://github.com/rstudio/rmarkdown},
 }